% Encoding: UTF-8

@online{microsoft/signalr,
    note = "Librería microsoft/signalr. URL: \url{https://www.npmjs.com/package/@microsoft/signalr} (Fecha de último acceso: 10/04/2023)"
}

@online{signalr,
    note = "SignalR. URL: \url{https://dotnet.microsoft.com/en-us/apps/aspnet/signalr} (Fecha de último acceso: 13/04/2023)"
}

@online{reconect-ws,
    note = "Librería reconnecting-websocket. URL: \url{https://www.npmjs.com/package/reconnecting-websocket} (Fecha de último acceso: 15/04/2023)"
}

@online{api-ws-front,
    note = "WebSocket Browser API. URL: \url{https://developer.mozilla.org/en-US/docs/Web/API/WebSockets_API} (Fecha de último acceso: 15/04/2023)"
}

@online{jwt,
    note = "JWT. URL: \url{https://jwt.io/} (Fecha de último acceso: 17/04/2023)"
}


@online{websocket-sharp,
    note = "Librería websocket-sharp. URL: \url{http://sta.github.io/websocket-sharp/} (Fecha de último acceso: 28/04/2023)"
}

@online{react-img-mapper,
    note = "Librería react-img-mapper. URL: \url{https://www.npmjs.com/package/react-img-mapper} (Fecha de último acceso: 1/03/2023)"
}

@online{ibernex,
    note = "Ibernex. URL: \url{https://ibernex.es/} (Fecha de último acceso: 25/05/2023)"
}

@online{net-framework,
    note = ".NET Framework 4.8. URL: \url{https://dotnet.microsoft.com/en-us/download/dotnet-framework/net48} (Fecha de último acceso: 13/02/2023)"
}

@online{vs,
    note = "Microsof Visual Studio. URL: \url{https://visualstudio.microsoft.com/es/} (Fecha de último acceso: 13/02/2023)"
}

@online{vscode,
    note = "Visual Studio Code. URL: \url{https://code.visualstudio.com/} (Fecha de último acceso: 13/02/2023)"
}

@online{react,
    note = "React. URL: \url{https://react.dev/} (Fecha de último acceso: 17/02/2023)"
}

@online{tortoise-git,
    note = "TotoiseGit. URL: \url{https://tortoisegit.org/} (Fecha de último acceso: 16/02/2023)"
}

@online{vs-project,
    note = "Create an ASP.NET Core app with React in Visual Studio. URL: \url{https://learn.microsoft.com/en-us/visualstudio/javascript/tutorial-asp-net-core-with-react?view=vs-2022} (Fecha de último acceso: 12/04/2023)"
}